@online{bib:WAV,
  author   = {Craig Stuart Sapp},
  title    = {WAVE PCM soundfile format},
  year     = {2005},
  url      = {soundfile.sapp.org/doc/WaveFormat/},
  urldate  = {2024-07-03}
}

@online{bib:MIDI,
  author   = {MIXAGE},
  title    = {MIDI - Getting Started},
  url      = {mixagesoftware.com/en/midikit/help/},
  urldate  = {2024-07-03}
}

@online{bib:Nyquist-Shannon,
  author   = {National Instruments},
  title    = {Nyquist and Shannon's Sampling Theorems},
  year     = {2023},
  url      = {ni.com/docs/en-US/bundle/ni-fgen/page/nyquist-and-shannons-sampling-theorems.html},
  urldate  = {2024-07-03}
}

@book{bib:PCM,
  author = {Vijay K. Garg},
  title = {Wireless Communications \& Networking},
  year = {2007}
}


@book{bib:DesignPatterns,
  author = {Aleksander Shvets},
  title = {WZORCE PROJEKTOWE Nowoczesny podrÄ™cznik},
  year = {2018}
}

@online{bib:CUDA,
  author   = {Nvidia},
  title    = {CUDA Toolkit Documentation},
  year     = {2024},
  url      = {docs.nvidia.com/cuda/},
  urldate  = {2024-07-03}
}

@online{bib:ray-tracing-cores,
  author   = {Nvidia},
  title    = {RTX Technology},
  year     = {2024},
  url      = {developer.nvidia.com/rtx/ray-tracing},
  urldate  = {2024-07-03}
}

@online{bib:tensor-cores,
  author   = {James Skelton},
  title    = {understanding-tensor-cores},
  year     = {2022},
  url      = {blog.paperspace.com/understanding-tensor-cores/},
  urldate  = {2024-07-03}
}

@online{bib:system-streem,
  title = {Linux Input drivers v1.0},
  author = {Vojtech Pavlik},
  year = {2001},
  url = {kernel.org/doc/Documentation/input/input.txt},
  urldate = {2024-07-03}
}

@online{bib:PulseAudio,
  author   = {PulseAudio},
  title    = {Simple API},
  url      = {freedesktop.org/software/pulseaudio/doxygen/simple.html},
  urldate  = {2024-07-03}
}

@online{bib:Cpp,
  author   = {CppReference},
  url      = {en.cppreference.com},
  urldate  = {2024-07-03}
}

@online{bib:performance-1,
  author   = {Intel},
  title    = {Memory Performance in a Nutshell},
  year     = {2016},
  url      = {intel.com/content/www/us/en/developer/articles/technical/memory-performance-in-a-nutshell.html},
  urldate  = {2024-07-03}
}

@online{bib:performance-2,
  author   = {CPU-World},
  title    = {CPU-World},
  url      = {cpu-world.com},
  urldate  = {2024-07-03}
}

@online{bib:performance-3,
  author   = {Transcend},
  title    = {FAQ - What are the data transfer rates for DDR, DDR2, DDR3 and DDR4?},
  url      = {transcend-info.com/Support/FAQ-292},
  urldate  = {2024-07-03}
}

@online{bib:performance-4,
  author   = {TechPowerUp},
  title    = {TechPowerUp},
  url      = {techpowerup.com},
  urldate  = {2024-07-03}
}

@online{bib:performance-5,
  author   = {PCI-SIG},
  title    = {PCI Express 4.0 FAQ},
  year     = {2012},
  url      = {web.archive.org/web/20140518224913/http://www.pcisig.com/news_room/faqs/FAQ_PCI_Express_4.0/#EQ3},
  urldate  = {2024-07-03}
}

@online{bib:performance-6,
  author   = {PCI-SIG},
  title    = {PCI Express 3.0 FAQ},
  year     = {2007},
  url      = {web.archive.org/web/20140201172536/http://www.pcisig.com/news_room/faqs/pcie3.0_faq/#EQ2},
  urldate  = {2024-07-03}
}

